@misc {motc,
	author = {Ministry of Transportation},
	title = {{Statistical chart of important indicators in Taiwan (in Chinese)}},
	year = {2014},
	howpublished = "\url{http://www.motc.gov.tw/uploaddowndoc?file=reference/g004.pdf&filedisplay=g004.pdf&flag=doc}",
}

@techreport {strategyTainan,
	author = {Ying-Ming Yen},
	institution = {Government of Tainan, Taiwan},
	title = {{Research of parking fee strategy in Tainan (in Chinese)}},
	year = {2013},
	note = "\url{http://traffic.tainan.gov.tw/FileDownLoad/FileUpload/2015082813562738928.pdf}",
}

@book {LBS,
	title = {{Location-Based Services: Fundamentals and Operation}},
	author = {Axel Kupper},
	publisher = {John Wiley and Sons},
	year = {2005},
}

@mastersthesis {OnStreetParking,
	author = {Zih-Ting Huang},
	title = {{Simulating the On-Street Parking Behavior of Commercial
Consumer Based on Agent-Based Model}},
	school = {National Cheng Kung University},
	year = {2014}
}

@conference {ParkingSpot,
	author = {Chia-Ying Lin and Jung-Te Su and Wan-Ping Tsai and
Meng-Hsun Tsai},
	title = {{Finding Nearby Available Roadside Parking Spot}},
	year = {2014},
	booktitle = {The Proceeding of IPPR Conference on CVGIP},
	pages = {-}
}

@article {PaymentSystem,
	author = {Chung-Jen Hsu},
	title = {{Intelligent roadside parking payment system (in Chinese)}},
	journal = {Urban Traffic},
	volume = {22},
	number = {1},
	year = {2007},
	month = {6},
	pages = {97--105},
}

@techreport {EcoCommunity,
	author = {Chih-Wei Yi},
	title = {{Eco-Community: Building an Intelligent Cyber-Physical
Community Using Wireless Sensor Networks}},
	institution = {Government of Taiwna},
	year = {2011},
	number = {NSC100-2218-E009-002}
}

@article {AdHoc,
	author = {M. Conti and S. Giordano},
	title = {{Multihop Ad Hoc Networking: The Reality}},
	journal = {Communications Magazine, IEEE},
	volumn = {45},
	year = {2007},
	pages = {88--95}
}

@conference {IOV2015,
	author = {Yansong Cui and Jiayu Zhao},
	title = {{Real-Time Location System and Applied Research Report}},
	year = {2015}, month = {11},
	volume = {9502},
	series = {Lecture Notes in Computer Science},
	pages = {49--57},
	booktitle = {Internet of Vehicles - Safe and Intelligent Mobility}
}

@conference {IOV2014,
	author = {Theo Kanter and Rahim Rahmani and Yuhong Li and Bin Xiao},
	title = {{Vehicular Network Enabling Large-Scale and Real-Time
Immersive Participation}},
	year = {2014},
	volume = {8662},
	series = {Lecture Notes in Computer Science},
	pages = {66--75},
	booktitle = {Internet of Vehicles - Technologies and Services}
}

@book {AOV,
	title = {{Matchmoving: The Invisible Art of Camera Tracking}},
	author = {Tim Dobbert},
	publisher = {John Wiley and Sons},
	year = {2012},
	month = {11},
	pages = {116},
	edition = {2}
}
